@article{doucet,
author = {Doucet, Arnaud and Freitas, Nando and Murphy, Kevin and Russell, Stuart},
year = {2013},
month = {01},
pages = {},
title = {Sequential Monte Carlo Methods in Practice},
isbn = {978-1-4419-2887-0},
doi = {10.1007/978-1-4757-3437-9_24}
}

@misc{gen, title={Tutorial: Particle filtering in gen},
    note={\url{https://www.gen.dev/tutorials/particle-filtering-in-gen/Particle\%20Filtering\%20in\%20Gen}},
          journal={Gen.dev}}

@misc{berke,
      title={Learning a Metacognition for Object Detection}, 
      author={Marlene Berke and Mario Belledonne and Zhangir Azerbayev and Julian Jara-Ettinger},
      year={2021},
      eprint={2110.03105},
      archivePrefix={arXiv},
      primaryClass={cs.AI}
}

@book{anderson,
  author = {{Anderson}, B.D.O. and {Moore}, J.B.},
  keywords = {},
  publisher = {Prentice-Hall},
  title = {Optimal Filtering},
  year = 1979
}

@article{gilks,
author = {Gilks, Walter R. and Berzuini, Carlo},
title = {Following a moving targetâ€”Monte Carlo inference for dynamic Bayesian models},
journal = {Journal of the Royal Statistical Society: Series B (Statistical Methodology)},
volume = {63},
number = {1},
pages = {127-146},
doi = {https://doi.org/10.1111/1467-9868.00280},
url = {https://rss.onlinelibrary.wiley.com/doi/abs/10.1111/1467-9868.00280},
eprint = {https://rss.onlinelibrary.wiley.com/doi/pdf/10.1111/1467-9868.00280},
year = {2001}
}
